%% This BibTeX bibliography file was created using BibDesk.
@electronic{Lsoas,
	Author = {{Department for Communities and Local Government}},
	Title = {Lower layer super output areas},
	Url = {http://opendatacommunities.org/data/lower-layer-super-output-areas},
}

@techreport{Po2012,
	Author = {Po, June Y. T. and Finlay, Jocelyn E. and Brewster, Mark B. and Canning, David},
	Institution = {Harvard},
	Number = {97},
	Title = {Estimating Household Permanent Income from Ownership of Physical Assets},
	Year = {2012},
}

@book{Borg1996,
	Author = {Ingwer Borg and Patrick Groenen},
	Publisher = {Springer},
	Title = {Modern Multidimensional Scaling: Theory and Applications},
	Year = {1996},
	Doi = {10.1007/0-387-28981-X},
}

@article{Fienberg2012,
	Author = {Stephen E. Fienberg},
	Doi = {10.1080/10618600.2012.738106},
	Journal = {J. Comput. Graph. Stat.},
	Number = {4},
	Pages = {825--839},
	Title = {A Brief History of Statistical Models for Network Analysis and Open Challenges},
	Volume = {21},
	Year = {2012},
}

@article{Newman2003a,
	Author = {Newman, M. E. J.},
	Doi = {10.1103/PhysRevE.67.026126},
	Journal = {Phys. Rev. E},
	Number = {2},
	Pages = {026126},
	Title = {Mixing patterns in networks},
	Volume = {67},
	Year = {2003}
}

@article{Hastings1970,
	Author = {Hastings, W. K.},
	Doi = {10.1093/biomet/57.1.97},
	Journal = {Biometrika},
	Pages = {97--109},
	Title = {Monte Carlo sampling methods using Markov chains and their applications},
	Year = {1970}
}

@article{Stouffer1940,
	Author = {Samuel A. Stouffer},
	Doi = {10.2307/2084520},
	Journal = {Am. Sociol. Rev.},
	Number = {6},
	Pages = {845--867},
	Title = {Intervening Opportunities: A Theory Relating Mobility and Distance},
	Volume = {5},
	Year = {1940},
}

@techreport{Orfield2014,
	Author = {Gary Orfield and Erica Frankenberg},
	Institution = {Civil Rights Project},
	Title = {Brown at 60: Great Progress, a Long Retreat and an Uncertain Future},
	Year = {2014},
}

@article{Popielarz1999,
	Author = {Pamela A. Popielarz},
	Doi = {10.1177/089124399013002005},
	Journal = {Gender \& Society},
	Number = {2},
	Pages = {234--250},
	Title = {(In)voluntary Association: A Multilevel Analysis of Gender Segregation in Voluntary Organizations},
	Volume = {13},
	Year = {1999},
}

@article{Moody2001,
	Author = {James Moody},
	Doi = {10.1086/338954},
	Journal = {Am. J. Sociol.},
	Number = {3},
	Pages = {679--716},
	Title = {Race, School Integration, and Friendship Segregation in America},
	Volume = {107},
	Year = {2001},
}

@article{Charles1995,
	Author = {Maria Charles and David B. Grusky},
	Doi = {10.1086/230605},
	Journal = {Am. J. Sociol.},
	Number = {4},
	Pages = {931--971},
	Title = {Models for Describing the Underlying Structure of Sex Segregation},
	Volume = {100},
	Year = {1995},
}

@article{Franz2010,
	Author = {Silvio Franz and Matteo Marsili and Paolo Pin},
	Journal = {Science and Culture},
	Number = {9--10},
	Pages = {471--476},
	Title = {Observed Choices And Underlying Opportunities},
	Volume = {76},
	Year = {2010},
}

@article{Krackhardt1988,
	Author = {David Krackhardt and Robert N. Stern},
	Doi = {10.2307/2786835},
	Journal = {Soci. Psychol. Q.},
	Number = {2},
	Pages = {123--140},
	Title = {Informal Networks and Organizational Crises: An Experimental Simulation},
	Volume = {51},
	Year = {1988}
}

@article{Wilson1931,
	Author = {Wallace Alvin Wilson},
	Doi = {10.2307/2370790},
	Journal = {Am. J. Math.},
	Number = {2},
	Pages = {361--373},
	Title = {On Semi-Metric Spaces},
	Volume = {53},
	Year = {1931}
}

@inbook{Rodriguez-Moral2016,
	Author = {Rodriguez-Moral, Antonio and Vorsatz, Marc},
	Chapter = {An Overview of the Measurement of Segregation: Classical Approaches and Social Network Analysis},
	Doi = {10.1007/978-3-319-40803-3_5},
	Pages = {93--119},
	Publisher = {Springer},
	Title = {Complex Networks and Dynamics},
	Year = {2016},
}

@misc{Institute-for-Social-and-Economic-Research2017,
	Author = {{Institute for Social and Economic Research}},
	Title = {UK Household Longitudinal Study Mainstage Questionnaire Wave 3},
	Url = {https://www.understandingsociety.ac.uk/documentation/mainstage/questionnaire/questionnaire-documents/mainstage/wave-3/Understanding_Society_Wave_3_Questionnaire_v03.pdf},
	Year = {2017},
}

@misc{Institute-for-Social-and-Economic-Research2000,
	Author = {{Institute for Social and Economic Research}},
	Title = {British Household Panel Survey Questionnaire Wave 10},
	Url = {https://www.iser.essex.ac.uk/bhps/documentation/pdf_versions/questionnaires/bhpsw10q.pdf},
	Year = {2000},
}

@article{Frolich2006,
	Author = {Fr{\"o}lich, Markus},
	Doi = {10.1111/j.1368-423X.2006.00196.x},
	Journal = {Econom. J.},
	Number = {3},
	Pages = {511--540},
	Title = {Non-parametric regression for binary dependent variables},
	Volume = {9},
	Year = {2006},
}

@article{Bhattacharya2016,
	Author = {Bhattacharya, Kunal and Ghosh, Asim and Monsivais, Daniel and Dunbar, Robin I. M. and Kaski, Kimmo},
	Doi = {10.1098/rsos.160097},
	Journal = {Open Science},
	Number = {4},
	Pages = {160097},
	Title = {Sex differences in social focus across the life cycle in humans},
	Volume = {3},
	Year = {2016}
}

@article{Pigott2001,
	Author = {Therese D. Pigott},
	Doi = {10.1076/edre.7.4.353.8937},
	Journal = {Educ. Res. Eval.},
	Number = {4},
	Pages = {353--383},
	Title = {A Review of Methods for Missing Data},
	Volume = {7},
	Year = {2001}
}

@article{Biernacki1981,
	Author = {Patrick Biernacki and Dan Waldorf},
	Doi = {10.1177/004912418101000205},
	Journal = {Sociol. Methods Res.},
	Number = {2},
	Pages = {141--163},
	Title = {Snowball Sampling: Problems and Techniques of Chain Referral Sampling},
	Volume = {10},
	Year = {1981},
}

@article{Bruch2016,
	Author = {Bruch, Elizabeth and Feinberg, Fred and Lee, Kee Yeun},
	Doi = {10.1073/pnas.1522494113},
	Journal = {PNAS},
	Number = {38},
	Pages = {10530--10535},
	Title = {Extracting multistage screening rules from online dating activity data},
	Volume = {113},
	Year = {2016}
}

@electronic{Hoffmann2017,
	Title = {Unexpectedly strong gender homophily in Understanding Society compared with the BHPS},
	Url = {https://www.understandingsociety.ac.uk/support/issues/869},
	Year = {2017},
}

@electronic{Hoffmann2016,
	Title = {Unusual age distribution after conditioning on wJBSTATT in wave R},
	Url = {https://www.understandingsociety.ac.uk/support/issues/687},
	Year = {2016},
}

@article{Hutcheon2010,
	Author = {Hutcheon, Jennifer A and Chiolero, Arnaud and Hanley, James A},
	Doi = {10.1136/bmj.c2289},
	Journal = {BMJ},
	Pages = {1402--1406},
	Title = {Random measurement error and regression dilution bias},
	Volume = {340},
	Year = {2010}
}

@techreport{Mihaly2009,
	Author = {Kata Mihaly},
	Institution = {{RAND} corporation},
	Title = {American Life Panel: Well-being 86 questionnaire},
	Year = {2009},
}

@inproceedings{Backstrom2010,
	Author = {Backstrom, Lars and Sun, Eric and Marlow, Cameron},
	Booktitle = {WWW},
	Doi = {10.1145/1772690.1772698},
	Pages = {61--70},
	Title = {Find me if you can: improving geographical prediction with social and spatial proximity},
	Year = {2010}
}

@article{Backstrom2011,
	Author = {Backstrom, Lars and Dwork, Cynthia and Kleinberg, Jon},
	Doi = {10.1145/2043174.2043199},
	Journal = {Communications of the ACM},
	Number = {12},
	Pages = {133--141},
	Title = {Wherefore Art Thou R3579X?: Anonymized Social Networks, Hidden Patterns, and Structural Steganography},
	Volume = {54},
	Year = {2011}
}

@article{Bakshy2015,
	Author = {Bakshy, Eytan and Messing, Solomon and Adamic, Lada A.},
	Doi = {10.1126/science.aaa1160},
	Journal = {Science},
	Number = {6239},
	Pages = {1130--1132},
	Title = {Exposure to ideologically diverse news and opinion on Facebook},
	Volume = {348},
	Year = {2015}
}

@article{Ball2013,
	Author = {Ball, Brian AND Newman, M.E.J.},
	Doi = {10.1017/nws.2012.4},
	Journal = {Network Science},
	Number = {1},
	Pages = {16---30},
	Title = {Friendship networks and social status},
	Volume = {1},
	Year = {2013},
}

@article{Banerjee2013,
	Author = {Banerjee, Abhijit and Chandrasekhar, Arun G. and Duflo, Esther and Jackson, Matthew O.},
	Doi = {10.1126/science.1236498},
	Journal = {Science},
	Number = {6144},
	Pages = {1236498},
	Title = {The Diffusion of Microfinance},
	Volume = {341},
	Year = {2013}
}

@article{Barnett2007,
	Author = {Barnett, L. and Di Paolo, E. and Bullock, S.},
	Doi = {10.1103/PhysRevE.76.056115},
	Journal = {Phys. Rev. E},
	Pages = {056115},
	Title = {Spatially embedded random networks},
	Volume = {76},
	Year = {2007}
}

@article{Blau1977,
	Author = {Blau, Peter M.},
	Doi = {10.1086/226505},
	Journal = {Am. J. Sociol.},
	Number = {1},
	Pages = {26--54},
	Title = {A Macrosociological Theory of Social Structure},
	Volume = {83},
	Year = {1977},
}

@book{Blau1984,
	Author = {Peter Blau AND Joseph Schwartz},
	Publisher = {Routledge},
	Title = {Crosscutting Social Circles: Testing a Macrostructual Theory of Integroup Relations},
	Year = {1984}
}

@book{Bishop2007,
	Author = {Christopher Bishop},
	Publisher = {Springer},
	Title = {Pattern Recognition and Machine Learning},
	Year = {2006},
}

@article{Slotani1964,
	Author = {Slotani, Mlnoru},
	Doi = {10.1007/BF02868568},
	Journal = {Ann. Inst. Stat. Math.},
	Number = {1},
	Pages = {135--153},
	Title = {Tolerance regions for a multivariate normal population},
	Volume = {16},
	Year = {1964},
}

@inproceedings{Blumenstock2013,
	Booktitle = {Symposium on Computing for Development},
	Doi = {10.1145/2537052.2537061},
	Title = {Social and spatial ethnic segregation: A framework for analyzing segregation with large-scale spatial network data},
	Year = {2013}
}

@article{Blumenstock2015,
	Author = {Blumenstock, Joshua and Cadamuro, Gabriel and On, Robert},
	Doi = {10.1126/science.aac4420},
	Journal = {Science},
	Number = {6264},
	Pages = {1073--1076},
	Title = {Predicting poverty and wealth from mobile phone metadata},
	Volume = {350},
	Year = {2015}
}

@article{Bojanowski2014,
	Author = {Micha{\l} Bojanowski and Rense Corten},
	Doi = {10.1016/j.socnet.2014.04.001},
	Journal = {Soc. Netw.},
	Pages = {14--32},
	Title = {Measuring segregation in social networks},
	Volume = {39},
	Year = {2014}
}

@article{Boutyline2017,
	Author = {Boutyline, Andrei and Willer, Robb},
	Doi = {10.1111/pops.12337},
	Journal = {Polit. Psychol.},
	Number = {3},
	Pages = {551--569},
	Title = {The Social Structure of Political Echo Chambers: Variation in Ideological Homophily in Online Networks},
	Volume = {38},
	Year = {2017},
}

@article{Butts2012,
	Author = {Carter T. Butts and Ryan M. Acton and John R. Hipp and Nicholas N. Nagle},
	Doi = {10.1016/j.socnet.2011.08.003},
	Journal = {Soc. Netw.},
	Number = {1},
	Pages = {82--100},
	Title = {Geographical variability and network structure},
	Volume = {34},
	Year = {2012}
}

@article{Caron2017,
	Author = {Caron, Fran{\c c}ois and Fox, Emily B.},
	Doi = {10.1111/rssb.12233},
	Journal = {J. R. Stat. Soc. B},
	Number = {5},
	Pages = {1295--1366},
	Title = {Sparse graphs using exchangeable random measures},
	Volume = {79},
	Year = {2017},
}

@article{Chan2004,
	Author = {Chan, Tak Wing and Goldthorpe, John H.},
	Doi = {10.1093/esr/jch033},
	Journal = {Eur. Sociol. Rev.},
	Number = {5},
	Pages = {383--401},
	Title = {Is There a Status Order in Contemporary British Society? Evidence from the Occupational Structure of Friendship},
	Volume = {20},
	Year = {2004},
}

@inproceedings{Chang2010,
	Author = {Jonathan Chang AND Itamar Rosen AND Lars Backstrom AND Cameron Marlow},
	Booktitle = {ICWSM},
	Title = {ePluribus: ethnicity on social networks},
	Year = {2010},
}

@article{Currarini2009,
	Author = {Currarini, Sergio and Jackson, Matthew O. and Pin, Paolo},
	Doi = {10.3982/ECTA7528},
	Journal = {Econometrica},
	Number = {4},
	Pages = {1003--1045},
	Title = {An economic model of friendship: homophily, minorities, and segregation},
	Volume = {77},
	Year = {2009}
}

@article{DeMarzo2003,
	Author = {DeMarzo, Peter M. and Vayanos, Dimitri and Zwiebel, Jeffrey},
	Doi = {10.1162/00335530360698469},
	Journal = {Q. J. Econ.},
	Number = {3},
	Pages = {909--968},
	Title = {Persuasion Bias, Social Influence, and Unidimensional Opinions},
	Volume = {118},
	Year = {2003}
}

@article{Eagle2015,
	Author = {David E. Eagle and Rae Jean Proeschold-Bell},
	Doi = {10.1016/j.socnet.2014.07.005},
	Journal = {Soc. Netw.},
	Pages = {75--83},
	Title = {Methodological considerations in the use of name generators and interpreters},
	Volume = {40},
	Year = {2015}
}

@article{Eveland-Jr.2017,
	Author = {Eveland Jr., William P. and Osei Appiah and Paul A. Beck},
	Doi = {10.1016/j.socnet.2017.08.002},
	Journal = {Soc. Netw.},
	Pages = {192--200},
	Title = {Americans are more exposed to difference than we think: Capturing hidden exposure to political and racial difference},
	Volume = {52},
	Year = {2017}
}

@article{Expert2011,
	Author = {Expert, Paul and Evans, Tim S. and Blondel, Vincent D. and Lambiotte, Renaud},
	Doi = {10.1073/pnas.1018962108},
	Journal = {PNAS},
	Number = {19},
	Pages = {7663--7668},
	Title = {Uncovering space-independent communities in spatial networks},
	Volume = {108},
	Year = {2011},
}

@article{Freeman1978,
	Author = {Linton C. Freeman},
	Doi = {10.1177/004912417800600401},
	Journal = {Sociol. Methods Res.},
	Number = {4},
	Pages = {411--429},
	Title = {Segregation in Social Networks},
	Volume = {6},
	Year = {1978}
}

@article{Gelman2007,
	Author = {Gelman, Andrew},
	Journal = {Statistical Science},
	Number = {2},
	Pages = {153--164},
	Title = {Struggles with survey weighting and regression modeling},
	Volume = {22},
	Year = {2007},
	Doi = {10.1214/088342306000000691}
}

@article{Gelman2008,
	Author = {Gelman, Andrew and Jakulin, Aleks and Pittau, Maria Grazia and Su, Yu-Sung},
	Doi = {10.1214/08-AOAS191},
	Journal = {Ann. Appl. Stat.},
	Number = {4},
	Pages = {1360--1383},
	Title = {A weakly informative default prior distribution for logistic and other regression models},
	Volume = {2},
	Year = {2008}
}

@article{Gelman2008a,
	Author = {Gelman, Andrew},
	Doi = {10.1002/sim.3107},
	Journal = {Stat. Med.},
	Number = {15},
	Pages = {2865--2873},
	Title = {Scaling regression inputs by dividing by two standard deviations},
	Volume = {27},
	Year = {2008},
}

@book{Gelman2013,
	Author = {Andrew Gelman and John B. Carlin and Hal S. Stern and David B. Dunson and Aki Vehtari and Donald B. Rubin},
	Publisher = {Chapman and Hall/CRC},
	Title = {Bayesian Data Analysis},
	Year = {2013},
}

@article{Golder2014,
	Author = {Golder, Scott A. and Macy, Michael W.},
	Doi = {10.1146/annurev-soc-071913-043145},
	Journal = {Annu. Rev. Sociol.},
	Number = {1},
	Pages = {129--152},
	Title = {Digital Footprints: Opportunities and Challenges for Online Social Research},
	Volume = {40},
	Year = {2014},
}

@article{Golub2012,
	Author = {Golub, Benjamin and Jackson, Matthew O.},
	Doi = {10.1093/qje/qjs021},
	Journal = {Q. J. Econ.},
	Number = {3},
	Pages = {1287--1338},
	Title = {How Homophily Affects the Speed of Learning and Best-Response Dynamics},
	Volume = {127},
	Year = {2012},
}

@book{Hastie2009,
	Author = {Trevor Hastie AND Robert Tibshirani AND Jerome Friedman},
	Doi = {10.1007/978-0-387-84858-7},
	Publisher = {Springer},
	Title = {The elements of statistical learning: data mining, inference and prediction},
	Year = {2009},
}

@article{Hipp2009,
	Author = {Hipp, John R. and Perrin, Andrew J.},
	Doi = {10.1111/j.1540-6040.2009.01267.x},
	Journal = {City \& Community},
	Number = {1},
	Pages = {5--25},
	Title = {The Simultaneous Effect of Social Distance and Physical Distance on the Formation of Neighborhood Ties},
	Volume = {8},
	Year = {2009},
}

@article{Hoff2002,
	Author = {Hoff, Peter D and Raftery, Adrian E and Handcock, Mark S},
	Doi = {10.1198/016214502388618906},
	Journal = {J. Am. Stat. Assoc.},
	Number = {460},
	Pages = {1090--1098},
	Title = {Latent Space Approaches to Social Network Analysis},
	Volume = {97},
	Year = {2002},
}

@article{Hoff2008,
	Author = {Hoff, Peter D.},
	Doi = {10.1007/s10588-008-9040-4},
	Journal = {Comput. Math. Organ. Theory},
	Number = {4},
	Pages = {261--272},
	Title = {Multiplicative latent factor models for description and prediction of social networks},
	Volume = {15},
	Year = {2008}
}

@article{Huckfeldt1983,
	Author = {R. Robert Huckfeldt},
	Doi = {10.1086/227908},
	Journal = {Am. J. Sociol.},
	Number = {3},
	Pages = {651--669},
	Title = {Social Contexts, Social Networks, and Urban Neighborhoods: Environmental Constraints on Friendship Choice},
	Volume = {89},
	Year = {1983},
}

@article{Illenberger2013,
	Author = {Illenberger, Johannes and Nagel, Kai and Fl{\"o}tter{\"o}d, Gunnar},
	Doi = {10.1007/s11067-012-9180-4},
	Journal = {Netw. Spat. Econ.},
	Number = {3},
	Pages = {255--282},
	Title = {The Role of Spatial Interaction in Social Networks},
	Volume = {13},
	Year = {2013}
}

@article{Johnson1989,
	Author = {Martin A. Johnson},
	Doi = {10.1080/00224545.1989.9712054},
	Journal = {J. Soc. Psychol.},
	Number = {3},
	Pages = {379--390},
	Title = {Variables Associated with Friendship in an Adult Population},
	Volume = {129},
	Year = {1989}
}

@article{Kalmijn2007,
	Author = {Matthijs Kalmijn and Jeroen K. Vermunt},
	Doi = {10.1016/j.socnet.2005.11.008},
	Journal = {Soc. Netw.},
	Number = {1},
	Pages = {25--43},
	Title = {Homogeneity of social networks by age and marital status: A multilevel analysis of ego-centered networks},
	Volume = {29},
	Year = {2007}
}

@article{Kim2012,
	Author = {Myunghwan Kim and Jure Leskovec},
	Doi = {10.1080/15427951.2012.625257},
	Journal = {Internet Mathematics},
	Number = {1--2},
	Pages = {113--160},
	Title = {Multiplicative Attribute Graph Model of Real-World Networks},
	Volume = {8},
	Year = {2012},
}

@article{King2001,
	Author = {Gary King and Langche Zeng},
	Doi = {10.1093/oxfordjournals.pan.a004868},
	Journal = {Political Anal.},
	Number = {2},
	Pages = {137--163},
	Title = {Logistic Regression in Rare Events Data},
	Volume = {9},
	Year = {2001},
}

@article{Kish1992,
	Author = {Leslie Kish},
	Journal = {J. Off. Stat.},
	Number = {2},
	Pages = {183--200},
	Title = {Weighting for unequal $P_i$},
	Volume = {8},
	Year = {1992},
}

@article{Kosinski2013,
	Author = {Kosinski, Michal and Stillwell, David and Graepel, Thore},
	Doi = {10.1073/pnas.1218772110},
	Journal = {PNAS},
	Number = {15},
	Pages = {5802--5805},
	Title = {Private traits and attributes are predictable from digital records of human behavior},
	Volume = {110},
	Year = {2013}
}

@phdthesis{Lam-Morgan2012,
	Author = {Lam Morgan, Dorothy},
	School = {University of Texas Austin},
	Title = {A Spatial Econometric Approach To The Study Of Social Influence},
	Year = {2012},
}

@article{Lambiotte2008,
	Author = {Renaud Lambiotte and Vincent D. Blondel and Cristobald de Kerchove and Etienne Huens and Christophe Prieur and Zbigniew Smoreda and Paul Van Dooren},
	Doi = {10.1016/j.physa.2008.05.014},
	Journal = {Physica A},
	Number = {21},
	Pages = {5317--5325},
	Title = {Geographical dispersal of mobile communication networks},
	Volume = {387},
	Year = {2008}
}

@article{Leo2016,
	Author = {Leo, Yannick and Fleury, Eric and Alvarez-Hamelin, J. Ignacio and Sarraute, Carlos and Karsai, M{\'a}rton},
	Doi = {10.1098/rsif.2016.0598},
	Journal = {J. R. Soc. Interface},
	Number = {125},
	Pages = {20160598},
	Title = {Socioeconomic correlations and stratification in social-communication networks},
	Volume = {13},
	Year = {2016}
}

@article{Luo2017,
	Author = {Luo, Shaojun and Morone, Flaviano and Sarraute, Carlos and Travizano, Mat{\'\i}as and Makse, Hern{\'a}n A.},
	Doi = {10.1038/ncomms15227},
	Pages = {15227},
	Title = {Inferring personal economic status from social network location},
	Volume = {8},
	Year = {2017}
}

@article{Marin2004,
	Author = {Alexandra Marin},
	Doi = {10.1016/j.socnet.2004.06.001},
	Journal = {Soc. Netw.},
	Number = {4},
	Pages = {289--307},
	Title = {Are respondents more likely to list alters with certain characteristics? Implications for name generator data},
	Volume = {26},
	Year = {2004}
}

@article{Marsden1987,
	Author = {Peter V. Marsden},
	Doi = {10.2307/2095397},
	Journal = {Am. Sociol. Rev.},
	Number = {1},
	Pages = {122--131},
	Title = {Core Discussion Networks of Americans},
	Volume = {52},
	Year = {1987},
}

@article{Marsden1988,
	Author = {Peter V. Marsden},
	Doi = {10.1016/0378-8733(88)90010-X},
	Journal = {Soc. Netw.},
	Number = {1},
	Pages = {57--76},
	Title = {Homogeneity in confiding relations},
	Volume = {10},
	Year = {1988}
}

@article{McPherson2001,
	Author = {McPherson, Miller and Smith-Lovin, Lynn and Cook, James M.},
	Doi = {10.1146/annurev.soc.27.1.415},
	Journal = {Annu. Rev. Sociol.},
	Pages = {415--444},
	Title = {Birds of a Feather: Homophily in Social Networks},
	Volume = {27},
	Year = {2001}
}

@article{McPherson2006,
	Author = {Miller McPherson and Lynn Smith-Lovin and Matthew E. Brashears},
	Doi = {10.1177/000312240607100301},
	Journal = {Am. Sociol. Rev.},
	Number = {3},
	Pages = {353--375},
	Title = {Social Isolation in America: Changes in Core Discussion Networks over Two Decades},
	Volume = {71},
	Year = {2006}
}

@techreport{Pollard2017,
	Author = {Pollard, Michael and Baird, Matthew D.},
	Title = {The RAND American Life Panel},
	Institution = {RAND},
	Year = {2017},
}

@article{Mossong2008,
	Author = {Mossong, Jo{\"e}l AND Hens, Niel AND Jit, Mark AND Beutels, Philippe AND Auranen, Kari AND Mikolajczyk, Rafael AND Massari, Marco AND Salmaso, Stefania AND Tomba, Gianpaolo Scalia AND Wallinga, Jacco AND Heijne, Janneke AND Sadkowska-Todys, Malgorzata AND Rosinska, Magdalena AND Edmunds, W. John},
	Doi = {10.1371/journal.pmed.0050074},
	Journal = {PLOS Med.},
	Number = {3},
	Pages = {e74},
	Title = {Social Contacts and Mixing Patterns Relevant to the Spread of Infectious Diseases},
	Volume = {5},
	Year = {2008}
}

@inproceedings{Narayanan2008,
	Author = {A. Narayanan and V. Shmatikov},
	Booktitle = {Symposium on Security and Privacy},
	Doi = {10.1109/SP.2008.33},
	Pages = {111--125},
	Title = {Robust de-anonymization of Large Sparse Datasets},
	Year = {2008}
}

@article{Pfeffermann1996,
	Author = {Danny Pfeffermann},
	Doi = {10.1177/096228029600500303},
	Journal = {Stat. Methods Med. Res.},
	Number = {3},
	Pages = {239--261},
	Title = {The use of sampling weights for survey data analysis},
	Volume = {5},
	Year = {1996}
}

@inbook{Platt2012,
	Author = {Lucinda Platt},
	Chapter = {Exploring social spaces of Muslims},
	Pages = {53--83},
	Publisher = {Routledge},
	Title = {Muslims in Britain: making social and political space},
	Year = {2012}
}

@article{Reardon2004,
	Author = {Reardon, Sean F. and O'Sullivan, David},
	Doi = {10.1111/j.0081-1750.2004.00150.x},
	Journal = {Sociological Methodology},
	Number = {1},
	Pages = {121--162},
	Title = {Measures of Spatial Segregation},
	Volume = {34},
	Year = {2004},
}

@article{Salathe2008,
	Author = {Salath{\'e}, Marcel and Bonhoeffer, Sebastian},
	Doi = {10.1098/rsif.2008.0271},
	Journal = {J. R. Soc. Interface},
	Number = {29},
	Pages = {1505--1508},
	Title = {The effect of opinion clustering on disease outbreaks},
	Volume = {5},
	Year = {2008}
}

@inproceedings{Scellato2011,
	Author = {Scellato, Salvatore and Noulas, Anastasios and Lambiotte, Renaud and Mascolo, Cecilia},
	Booktitle = {ICWSM},
	Pages = {329--336},
	Title = {Socio-spatial properties of online location-based social networks.},
	Year = {2011},
}

@article{Smith2014,
	Author = {Smith, Jeffrey A. and McPherson, Miller and Smith-Lovin, Lynn},
	Doi = {10.1177/0003122414531776},
	Journal = {Am. Sociol. Rev.},
	Number = {3},
	Pages = {432--456},
	Title = {Social Distance in the United States: Sex, Race, Religion, Age, and Education Homophily among Confidants, 1985 to 2004},
	Volume = {79},
	Year = {2014}
}

@article{Smith2017a,
	Author = {Jeffrey A. Smith},
	Doi = {10.1177/2378023117739176},
	Journal = {Socius},
	Pages = {2378023117739176},
	Title = {A Social Space Approach to Testing Complex Hypotheses: The Case of Hispanic Marriage Patterns in the United States},
	Volume = {3},
	Year = {2017}
}

@article{Snijders2011,
	Author = {Tom A.B. Snijders},
	Doi = {10.1146/annurev.soc.012809.102709},
	Journal = {Annu. Rev. Sociol.},
	Number = {1},
	Pages = {131--153},
	Title = {Statistical Models for Social Networks},
	Volume = {37},
	Year = {2011}
}

@inproceedings{Wang2013,
	Author = {Yi Wang and Hui Zang and Faloutsos, M.},
	Booktitle = {IEEE Conference (Computer Communications Workshops)},
	Doi = {10.1109/INFCOMW.2013.6562897},
	Pages = {211--216},
	Title = {Inferring cellular user demographic information using homophily on call graphs},
	Year = {2013},
}

@article{Wang2017,
	Author = {Wang, Yilun and Kosinski, Michal},
	Journal = {Open Science Framework},
	Pages = {zn79k},
	Title = {Deep neural networks are more accurate than humans at detecting sexual orientation from facial images},
	Year = {2017},
}

@article{Wimmer2010,
	Author = {Andreas Wimmer and Kevin Lewis},
	Doi = {10.1086/653658},
	Journal = {Am. J. Sociol.},
	Number = {2},
	Pages = {583--642},
	Title = {Beyond and Below Racial Homophily: ERG Models of a Friendship Network Documented on Facebook},
	Volume = {116},
	Year = {2010},
}

@article{Pelechrinis2016,
	author = {Pelechrinis, Konstantinos and Wei, Dong},
	title = {VA-Index: Quantifying Assortativity Patterns in Networks with Multidimensional Nodal Attributes},
	doi = {10.1371/journal.pone.0146188},
	pages = {e0146188},
	number = {1},
	volume = {11},
	journal = {PLOS ONE},
	year = {2016}
}

@article{Shalizi2011,
	author = {Shalizi, Cosma Rohilla and Thomas, Andrew C.},
	title = {Homophily and Contagion Are Generically Confounded in Observational Social Network Studies},
	doi = {10.1177/0049124111404820},
	pages = {211--239},
	number = {2},
	volume = {40},
	journal = {Sociol. Methods Res.},
	year = {2011}
}
